<?xml version="1.0" encoding="UTF-8"?>
<marc:collection xmlns:marc="http://www.loc.gov/MARC21/slim" xmlns:xsi="http://www.w3.org/2001/XMLSchema-instance" xsi:schemaLocation="http://www.loc.gov/MARC21/slim http://www.loc.gov/standards/marcxml/schema/MARC21slim.xsd">
   <marc:record type="Bibliographic">
      <marc:leader>01087cam a22003375  4500</marc:leader>
      <marc:controlfield tag="001">2754317</marc:controlfield>
      <marc:controlfield tag="003">NjP</marc:controlfield>
      <marc:controlfield tag="005">20141112103021.0</marc:controlfield>
      <marc:controlfield tag="008">880830q19501959ua            000 0 arard</marc:controlfield>
      <marc:datafield tag="024" ind1="7" ind2=" ">
         <marc:subfield code="a">princeton_aco000129</marc:subfield>
         <marc:subfield code="2">local</marc:subfield>
      </marc:datafield>
      <marc:datafield tag="035" ind1=" " ind2=" ">
         <marc:subfield code="a">(OCoLC)ocn178210085</marc:subfield>
      </marc:datafield>
      <marc:datafield tag="035" ind1=" " ind2=" ">
         <marc:subfield code="a">(OCoLC)ocm18426393</marc:subfield>
      </marc:datafield>
      <marc:datafield tag="040" ind1=" " ind2=" ">
         <marc:subfield code="a">WAU</marc:subfield>
         <marc:subfield code="c">PUL</marc:subfield>
         <marc:subfield code="d">PUL</marc:subfield>
      </marc:datafield>
      <marc:datafield tag="035" ind1=" " ind2=" ">
         <marc:subfield code="a">(OCoLC)178210085</marc:subfield>
      </marc:datafield>
      <marc:datafield tag="035" ind1=" " ind2=" ">
         <marc:subfield code="9">CNE7413TS</marc:subfield>
      </marc:datafield>
      <marc:datafield tag="035" ind1=" " ind2=" ">
         <marc:subfield code="a">(NjP)2754317</marc:subfield>
      </marc:datafield>
      <marc:datafield tag="043" ind1=" " ind2=" ">
         <marc:subfield code="a">ma-----</marc:subfield>
      </marc:datafield>
      <marc:datafield tag="079" ind1=" " ind2=" ">
         <marc:subfield code="a">ocm18426393</marc:subfield>
      </marc:datafield>
      <marc:datafield tag="049" ind1=" " ind2=" ">
         <marc:subfield code="a">PULL</marc:subfield>
      </marc:datafield>
      <marc:datafield tag="100" ind1="1" ind2=" ">
         <marc:subfield code="6">880-01</marc:subfield>
         <marc:subfield code="a">Dahhān, Sāmī.</marc:subfield>
      </marc:datafield>
      <marc:datafield tag="245" ind1="1" ind2="3">
         <marc:subfield code="6">880-02</marc:subfield>
         <marc:subfield code="a">al-Waṣf.</marc:subfield>
      </marc:datafield>
      <marc:datafield tag="260" ind1=" " ind2=" ">
         <marc:subfield code="6">880-03</marc:subfield>
         <marc:subfield code="a">Miṣr,</marc:subfield>
         <marc:subfield code="b">Dār al-Maʻārif</marc:subfield>
         <marc:subfield code="c">[195-?]</marc:subfield>
      </marc:datafield>
      <marc:datafield tag="300" ind1=" " ind2=" ">
         <marc:subfield code="a">110 p. ;</marc:subfield>
         <marc:subfield code="c">23 cm.</marc:subfield>
      </marc:datafield>
      <marc:datafield tag="490" ind1="1" ind2=" ">
         <marc:subfield code="a">Funūn al-adab al-ʻArabī. al-Fann al-ghināʼī,</marc:subfield>
         <marc:subfield code="v">3</marc:subfield>
      </marc:datafield>
      <marc:datafield tag="650" ind1=" " ind2="0">
         <marc:subfield code="a">Arabic poetry</marc:subfield>
         <marc:subfield code="x">History and criticism.</marc:subfield>
      </marc:datafield>
      <marc:datafield tag="830" ind1=" " ind2="0">
         <marc:subfield code="6">880-04</marc:subfield>
         <marc:subfield code="a">Funūn al-adab al-ʻArabī.</marc:subfield>
         <marc:subfield code="p">Fann al-ghināʼī ;</marc:subfield>
         <marc:subfield code="v">3.</marc:subfield>
      </marc:datafield>
      <marc:datafield tag="880" ind1="1" ind2=" ">
         <marc:subfield code="6">100-01/r</marc:subfield>
         <marc:subfield code="a">دهان، سامي.</marc:subfield>
      </marc:datafield>
      <marc:datafield tag="880" ind1="1" ind2="2">
         <marc:subfield code="6">245-02/r</marc:subfield>
         <marc:subfield code="a">الوصف.</marc:subfield>
      </marc:datafield>
      <marc:datafield tag="880" ind1=" " ind2=" ">
         <marc:subfield code="6">260-03/r</marc:subfield>
         <marc:subfield code="a">مصر،</marc:subfield>
         <marc:subfield code="b">دار المعارف</marc:subfield>
         <marc:subfield code="c">[195-?]</marc:subfield>
      </marc:datafield>
      <marc:datafield tag="880" ind1=" " ind2="0">
         <marc:subfield code="6">830-04/r</marc:subfield>
         <marc:subfield code="a">فنون الادب العربي.</marc:subfield>
         <marc:subfield code="p">فن الغنائي ؛</marc:subfield>
         <marc:subfield code="v">3.</marc:subfield>
      </marc:datafield>
      <marc:datafield tag="911" ind1=" " ind2=" ">
         <marc:subfield code="a">20000130</marc:subfield>
      </marc:datafield>
      <marc:datafield tag="994" ind1=" " ind2=" ">
         <marc:subfield code="a">C0</marc:subfield>
         <marc:subfield code="b">PUL</marc:subfield>
      </marc:datafield>
      <marc:datafield tag="999" ind1=" " ind2=" ">
         <marc:subfield code="a">2754317</marc:subfield>
      </marc:datafield>
   </marc:record>
</marc:collection>
